<?xml version="1.0" encoding="UTF-8"?><collection xmlns="http://www.loc.gov/MARC21/slim"><record><leader>00402nam--2200121-i-4500</leader><controlfield tag="001">000031557</controlfield><controlfield tag="002">20161230</controlfield><controlfield tag="005">20161230201038</controlfield><controlfield tag="008">060222s1000------------r-----000-0-eng-d</controlfield><datafield ind1=" " ind2=" " tag="100"><subfield code="a">Mattauch, J</subfield></datafield><datafield ind1=" " ind2=" " tag="245"><subfield code="a">Nuclear physics tables and an introductions to nuclear physics by s.fluegge. transl.from the german by eugene p.gross, s.bragmann</subfield></datafield><datafield ind1=" " ind2=" " tag="260"><subfield code="a">New York, Interscience, 1946, 173p.+ 8 Pl</subfield></datafield><datafield ind1=" " ind2=" " tag="852"><subfield code="a">1041</subfield></datafield></record></collection>